<record><leader>00000cas a22000007a 4500</leader><controlfield tag="001">15714039</controlfield><controlfield tag="008">870520c19079999pauwr ne      0    0eng d</controlfield><datafield ind1=" " ind2=" " tag="010"><subfield code="a">sn 87080257 </subfield></datafield><datafield ind1=" " ind2=" " tag="040"><subfield code="a">NPH</subfield><subfield code="b">eng</subfield><subfield code="c">NPH</subfield><subfield code="d">OCLCQ</subfield></datafield><datafield ind1=" " ind2=" " tag="042"><subfield code="a">msc</subfield></datafield><datafield ind1="0" ind2="0" tag="245"><subfield code="a">City and suburban life.</subfield></datafield><datafield ind1="3" ind2="0" tag="246"><subfield code="a">Suburban life</subfield></datafield><datafield ind1="1" ind2="7" tag="246"><subfield code="a">City &amp; suburban life</subfield></datafield><datafield ind1=" " ind2=" " tag="260"><subfield code="a">Bellevue, Pa. :</subfield><subfield code="b">J.W. Vickerman,</subfield><subfield code="c">1907-</subfield></datafield><datafield ind1=" " ind2=" " tag="300"><subfield code="a">v. :</subfield><subfield code="b">ill. ;</subfield><subfield code="c">41 cm.</subfield></datafield><datafield ind1=" " ind2=" " tag="310"><subfield code="a">Weekly</subfield></datafield><datafield ind1="0" ind2=" " tag="362"><subfield code="a">Vol. 6, no. 19 (Jan. 5, 1907)-</subfield></datafield><datafield ind1=" " ind2=" " tag="500"><subfield code="a">"The official paper of the boroughs of Bellevue, Avalon, Ben Avon, Ben Avon Heights, Emsworth, West View, Ross, and Kilbuck Townships," &lt;1931&gt;.</subfield></datafield><datafield ind1=" " ind2=" " tag="500"><subfield code="a">Publisher: City and Suburban Pub., Inc., &lt;1973&gt;.</subfield></datafield><datafield ind1=" " ind2=" " tag="752"><subfield code="a">United States</subfield><subfield code="b">Pennsylvania</subfield><subfield code="c">Allegheny</subfield><subfield code="d">Allegheny.</subfield></datafield><datafield ind1=" " ind2=" " tag="752"><subfield code="a">United States</subfield><subfield code="b">Pennsylvania</subfield><subfield code="c">Allegheny</subfield><subfield code="d">Bellevue.</subfield></datafield><datafield ind1="0" ind2="4" tag="780"><subfield code="t">Suburban life (Bellevue, Pa.)</subfield><subfield code="w">(DLC)sn 88080754</subfield></datafield><datafield ind1="0" ind2="4" tag="780"><subfield code="t">City life (Allegheny, Pa.)</subfield></datafield></record>